% Projekt c. 4 (Citace) na ITY
% Jan Jakub Kubik (xkubik32)
% VUT FIT 15.4.2017

// Monografie
@BOOK {samara:2008,
    author    = "Samara, Timothy",
    title     = "Grafický design : základní pravidla a způsoby jejich porušování",
    publisher = "Slovart",
    year      = "2008",
    address   = "{Praha}",
    isbn      = "978-80-7391-030-3",
}
@BOOK {Tholenaar:2010,
    author    = "Tholenaar, Jan",
    title     = "Type : a visual history of typefaces and graphic styles",
    publisher = "Taschen",
    year      = "2010",
    address   = "Koln",
    isbn      = "978-3-8365-1101-8",
}


@Book{Bringhurst:The_elements_of_typhographis_style,
author = "Bringhurst, Robert",
title = "The elements of typhographis style",
publisher = "Hartley and Marks Publishers",
year = "1997",
edition = "2",
address = "Vancouver",
isbn = "0-88179-133-4",
}

// Online zdroje
@ONLINE{Wikipedia:2017,
    author    = "Prispievatelia wikipedie",
    title     = "Typografia (umenie)",
    cited     = "15.\,4.\,2017",
    year      = 2017,
    publisher = "Wikipedia, slobodna encyklopedia",
    url       = "http://sk.wikipedia.org/wiki/Typografia\_(umenie)",
}
@ONLINE{Javorek:2008,
    author    = "Honza Javorek",
    title     = "Skripta k webové typografii",
    cited     = "15.\,4.\,2017",
    year      = 2017,
    publisher = "Honza Javorek",
    url       = "http://honzajavorek.cz/blog/skripta-k-webove-typografii",
}

@ONLINE{Krynin:2017,
    author    = "Jenifer Krynin",
    title     = "What is typography?",
    cited     = "15.\,4.\,2017",
    year      = 2017,
    publisher = "ThoughtCo",
    url       = "https://www.thoughtco.com/what-is-typography-3467428",
}

@ONLINE{Cblog:2016,
    author    = "Creative Blog Staff",
    title     = "Typography rules",
    cited     = "15.\,4.\,2017",
    year      = 2016,
    publisher = "Creative Blog",
    url       = "http://www.creativebloq.com/typography/what-is-typography-123652",
}


// serialova publikace
@INPROCEEDINGS{ VUT,
   author = "Bohuslav Křena",
   title = "Zavedení předmětu Typografie FIT VUT v Brně",
   pages = "57--58",
   booktitle = "Informatika XXI/2008",
   year = "2008",
   location = "Luhacovice, CZ",
   publisher = "Konvoj",
   ISBN = "978-80-7302-151-1",
   language = "czech",
   url = "http://www.fit.vutbr.cz/research/view\_pub.php.cs?id=8568",
}

// clanky
@ARTICLE{Krc:2012,
  author  = "Krč, Jakub",
  title   = "Práce grafika je služba",
  journal = "TYPO",
  year    = 2012,
  month   = "zima",
  volume  = "č. 50",
  issn    = "1214-0716"
}

// kvalifikacne prace
@BACHELORTHESIS{Kaspar:2016,
    author  = "Kašpar Jirásek, Matěj",
    title   = "Možnosti a limity webové typografie",
    address = "Brno",
    year    = 2016,
    school  = "Masaryková univerzita",
    type    = "Bakalářská práce",
    url     = "https://is.muni.cz/th/395993/fi\_b/thesis.pdf",
    note    = "Vedoucí práce Pevný, L."
}
@BACHELORTHESIS{Cecetka:2010,
    author  = "Čečetka, Michael",
    title   = "Typografie na webech malých podniků",
    address = "Praha",
    year    = 2010,
    school  = "Vysoká škola ekonomická v Praze",
    type    = "Bakalářská práce",
    url     = "http://www.vse.cz/vskp/id/1115192",
    note    = "Vedoucí práce Gála, L."
}
